@INPROCEEDINGS{7335332,
	author={N. {El Madhoun} and F. {Guenane} and G. {Pujolle}},
	booktitle={2015 IEEE 4th International Conference on Cloud Networking (CloudNet)},
	title={A cloud-based secure authentication protocol for contactless-NFC payment},
	year={2015},
	volume={},
	number={},
	pages={328-330},
	doi={10.1109/CloudNet.2015.7335332}
}

@INPROCEEDINGS{7153937,
	author={J. {Baek} and H. Y. {Youm}},
	booktitle={2015 10th Asia Joint Conference on Information Security},
	title={Secure and Lightweight Authentication Protocol for NFC Tag Based Services},
	year={2015},
	volume={},
	number={},
	pages={63-68},
	doi={10.1109/AsiaJCIS.2015.35}
}